% This file was created with JabRef 2.10b2.
% Encoding: UTF8


@Book{Demailly,
  Title                    = {Complex Analytic and Differential Geometry},
  Author                   = {Jean-Pierre Demailly},
  Year                     = {2002},

  Url                      = {www-fourier.ujf-grenoble.fr/~demailly/manuscripts/agbook.pdf}
}

@Article{Hitchin-Karlhede,
  Title                    = {Hyper-{K}\"ahler metrics and supersymmetry},
  Author                   = {Hitchin, N. J. and Karlhede, A. and Lindstr{\"o}m, U. and Ro{\v{c}}ek, M.},
  Journal                  = {Comm. Math. Phys.},
  Year                     = {1987},
  Number                   = {4},
  Pages                    = {535--589},
  Volume                   = {108},

  Coden                    = {CMPHAY},
  Fjournal                 = {Communications in Mathematical Physics},
  ISSN                     = {0010-3616},
  Mrclass                  = {53C25 (32C10 53C55 53C80 58E99 81E99)},
  Mrnumber                 = {877637 (88g:53048)},
  Mrreviewer               = {Pankaj Topiwala},
  Url                      = {http://projecteuclid.org/getRecord?id=euclid.cmp/1104116624}
}

