% This file was created with JabRef 2.10b2.
% Encoding: UTF-8


@Book{Godbillon1969,
  Title                    = {G{\'e}om{\'e}trie diff{\'e}rentielle et m{\'e}canique analytique ...},
  Author                   = {Godbillon, C.},
  Publisher                = {Hermann},
  Year                     = {1969},
  Series                   = {Collection M{\'e}thodes},

  __markedentry            = {[basile:6]},
  Lccn                     = {lc76420748},
  Url                      = {http://books.google.fr/books?id=0VrvAAAAMAAJ}
}

@Article{Hitchin-Karlhede,
  Title                    = {Hyper-{K}\"ahler metrics and supersymmetry},
  Author                   = {Hitchin, N. J. and Karlhede, A. and Lindstr{\"o}m, U. and Ro{\v{c}}ek, M.},
  Journal                  = {Comm. Math. Phys.},
  Year                     = {1987},
  Number                   = {4},
  Pages                    = {535--589},
  Volume                   = {108},

  Coden                    = {CMPHAY},
  Fjournal                 = {Communications in Mathematical Physics},
  ISSN                     = {0010-3616},
  Mrclass                  = {53C25 (32C10 53C55 53C80 58E99 81E99)},
  Mrnumber                 = {877637 (88g:53048)},
  Mrreviewer               = {Pankaj Topiwala},
  Url                      = {http://projecteuclid.org/getRecord?id=euclid.cmp/1104116624}
}

@Book{Hormander1973,
  Title                    = {An Introduction to Complex Analysis in Several Variables},
  Author                   = {Hormander, L.},
  Publisher                = {Elsevier Science},
  Year                     = {1973},
  Series                   = {North-Holland Mathematical Library},

  ISBN                     = {9780444105233},
  Owner                    = {basile},
  Timestamp                = {2013.11.18},
  Url                      = {http://books.google.fr/books?id=MaM7AAAAQBAJ}
}

@Book{Nirenberg1973,
  Title                    = {Lectures on Linear Partial Differential Equations},
  Author                   = {Nirenberg, Louis},
  Year                     = {1973},
  Series                   = {Regional Conference Series in Mathematics, No. 17},

  Lccn                     = {10022679},
  Owner                    = {basile},
  Timestamp                = {2013.11.18}
}

@Book{Voisin2002,
  Title                    = {Th{\'e}orie de Hodge et g{\'e}om{\'e}trie alg{\'e}brique complexe},
  Author                   = {Voisin, C.},
  Publisher                = {Soci{\'e}t{\'e} Math{\'e}matique de France},
  Year                     = {2002},
  Series                   = {Collection SMF},

  ISBN                     = {9782856291290},
  Owner                    = {basile},
  Timestamp                = {2013.11.18},
  Url                      = {http://books.google.fr/books?id=2DIZAQAAIAAJ}
}

@Book{Weil1971,
  Title                    = {Introduction {\`a} l'{\'e}tude des vari{\'e}t{\'e}s k{\"a}hl{\'e}riennes},
  Author                   = {Weil, A.},
  Publisher                = {Hermann},
  Year                     = {1971},
  Number                   = {nÂ°~1267},
  Series                   = {Actualit{\'e}s scientifiques et industrielles},

  __markedentry            = {[basile:]},
  Lccn                     = {72335692},
  Owner                    = {basile},
  Timestamp                = {2013.11.18},
  Url                      = {http://books.google.fr/books?id=ekfvAAAAMAAJ}
}

@comment{jabref-meta: selector_publisher:}

@comment{jabref-meta: selector_author:}

@comment{jabref-meta: selector_journal:}

@comment{jabref-meta: selector_keywords:}

